@misc{phoronix,
	title=
	"\url{https://wiki.ubuntu.com/PhoronixTestSuite#suites_and_tests}"
	}
	
@misc{ab,
	title=
	"\url{http://httpd.apache.org/docs/2.4/programs/ab.html}"
	}

@misc{procbench,
	title=
	"\url{https://sourceforge.net/projects/procbench.berlios/?source=directory}"}

@misc{jmeter,
	title=
	"\url{http://osl.ugr.es/descargas/atix16.pdf}"}