@misc{restf8,
	title = "\url{https://technet.microsoft.com/en-us/library/cc772043.aspx}"
	}

@misc{rest_regedit,
	title="\url{https://support.microsoft.com/es-es/kb/322756}"
}

@misc{moodle,
	title="\url{https://docs.moodle.org/23/en/Performance_recommendations#Hardware_configuration}"
}

@misc{compresion,
	title="\url{https://technet.microsoft.com/en-us/library/60f3fa55-f005-496e-9d2f-cc4fc2732fce}"
}

@misc{sysctl,
	title="\url{https://access.redhat.com/documentation/en-US/Red_Hat_Enterprise_MRG/1.3/html/Realtime_Tuning_Guide/sect-Realtime_Tuning_Guide-General_System_Tuning-Setting_persistent_tuning_parameters.html}"
}

@misc{man-sysctl,
	title="\url{https://linux.die.net/man/8/sysctl}"
}

@misc{parametros,
	title="\url{https://www.kernel.org/doc/Documentation/sysctl/vm.txt}"
}

@misc{mysql,
	title="\url{https://www.linode.com/docs/databases/mysql/install-mysql-on-ubuntu-14-04}
}

@misc{cache_type,
	title="\url{http://dev.mysql.com/doc/refman/5.7/en/query-cache-configuration.html}"
}

@misc{mozilla,
	title="\url{https://developer.mozilla.org/es/docs/Web/HTTP/Headers/Accept-Encoding}"
}