@misc{cron,
	title=
	"\url{http://man7.org/linux/man-pages/man8/cron.8.html}"
	}    

@misc{crontab,
	title=
	"\url{https://linux.die.net/man/5/crontab}"
	}
	
@misc{strace,
	title=
	"\url{http://chadfowler.com/2014/01/26/the-magic-of-strace.html}"}

@misc{mysql,
	title=
	"\url{http://dev.mysql.com/doc/refman/5.7/en/show-profile.html}"}

@misc{mysql2,
	title=
	"\url{http://dev.mysql.com/doc/refman/5.7/en/show-profiles.html}"}

@misc{mysql-crea,
	title=
	"\url{http://mysql.conclase.net/curso/?cap=007}"}

@misc{dpkg,
	title=
	"\url{https://debian-handbook.info/browse/es-ES/stable/sect.manipulating-packages-with-dpkg.html}"}

@misc{1-gz,
	title=
	"\url{http://www.estrellateyarde.org/logs-en-linux}"}

@misc{profiler-python,
	title=
	"\url{https://docs.python.org/2/library/profile.html}"}